@article{BresReiss,
    author = {Timothy F. Bresnahan and Peter C. Reiss},
    title = {Entry and Competition in Concentrated Markets},
    journal = {The Journal of Political Economy},
    year = {1991}
}