@article{BresReiss,
    author = {Timothy F. Bresnahan and Peter C. Reiss},
    title = {Entry and Competition in Concentrated Markets},
    journal = {The Journal of Political Economy},
    year = {1991},
    volume = {99},
    number = {5},
    pages = {977--1009}
}

@misc{PopData,
    author = {{Statistics Canada}},
    year = {2022},
    title = {Census Profile. 2021 Census. Statistics Canada Catalogue no. 98-316-X2021001},    
    note = { Released December 15, 2022. Reteived April 26, 2023. https://www12.statcan.gc.ca/census-recensement/2021/dp-pd/prof/index.cfm?Lang=E }
}

@misc{GeoData,
    author = {{Statistics Canada}},
    title = {2021 Census – Boundary files},    
    note = { Retrieved: April 27, 2023.  https://www12.statcan.gc.ca/census-recensement/2021/geo/sip-pis/boundary-limites/index2021-eng.cfm?year=21}
}

@misc{google,
    author = {{Google}},
    title = {Google Places API Web Service },
    note = {Retrieved: April 27, 2023. Software Package: googleway}
}

@article{Sankovich,
author = {Nadzeya Sankovich},
date = {2024-04-02},
title = {Smiles Across the G7: A Study of Dental Care Expenses},
journal = {Healthnews},
url = {https://healthnews.com/research/smiles-across-the-g7-a-study-of-dental-care-expenses/},
urldate = {2024-05-10}
}

@article{Rachini,
author = {Mouhamad Rachini},
date = {2023-12-12},
title = {Canada's new dental care plan could impact nearly 9 million Canadians — are you one of them?},
journal = {CBC News},
url = {https://www.cbc.ca/news/canada/canada-dental-care-plan-benefit-1.7055975},
urldate = {2024-05-10}}

@article{Rolfe,
author = {Kelsey Rolfe},
date = {2023-08-17},
title = {Dental costs soaring across Canada as fee guides get updated},
journal = {The Globe and Mail},
url = {https://www.theglobeandmail.com/investing/personal-finance/article-dental-cost-increase-inflation-canada/},
urldate = {2024-05-10}}

@article{vonStackelberg,
author = {Marina von Stackelberg},
date = {2024-04-07},
title = {The Canadian Dental Care Plan starts next month — but many dentists are reluctant to participate},
journal = {CBC News},
url = {https://www.cbc.ca/news/politics/canadian-dental-care-plan-signup-seniors-dentists-1.7164381},
urldate = {2024-05-10}}

@misc{StatisticsCanada,
author = {{Statistics Canada}},
date = {2023-11-06},
title = "More than one-third of Canadians reported
they had not visited a dental professional in
the previous 12 months, 2022",
journal = {The Daily (Statistics Canada catalogue 11-001-X)},
url = {https://www150.statcan.gc.ca/n1/daily-quotidien/231106/dq231106a-eng.pdf},
urldate = {2024-05-10}
}
